<?xml version="1.0" encoding="UTF-8"?><collection><record><leader>08498ntm a2200637 a 4500</leader><controlfield tag="001">006491022</controlfield><controlfield tag="003">MiAaHDL</controlfield><controlfield tag="005">20190719000000.0</controlfield><controlfield tag="006">m        d        </controlfield><controlfield tag="007">cr bn ---auaua</controlfield><controlfield tag="008">090423s1609    sy            00| ||ara d</controlfield><datafield tag="035" ind1=" " ind2=" "><subfield code="a">(MiU)006491022</subfield></datafield><datafield tag="035" ind1=" " ind2=" "><subfield code="a">sdr-miu006491022</subfield></datafield><datafield tag="040" ind1=" " ind2=" "><subfield code="a">MiU</subfield><subfield code="c">MiU</subfield><subfield code="e">amremm</subfield></datafield><datafield tag="043" ind1=" " ind2=" "><subfield code="a">n-us-mi</subfield></datafield><datafield tag="100" ind1="0" ind2=" "><subfield code="6">880-01</subfield><subfield code="a">Abū al-Saʻūd Muḥammad ibn Muḥammad,</subfield><subfield code="d">1492 or 1493-1574 or 1575.</subfield></datafield><datafield tag="240" ind1="1" ind2="0"><subfield code="6">880-02</subfield><subfield code="a">Irshād al-ʻaql al-salīm.</subfield><subfield code="n">juzʼ 1</subfield></datafield><datafield tag="245" ind1="1" ind2="3"><subfield code="6">880-03</subfield><subfield code="a">[al-Juzʼ al-awwal min Irshād al-ʻaql al-salīm,</subfield><subfield code="f">1017, i.e. 1609].</subfield></datafield><datafield tag="246" ind1="3" ind2=" "><subfield code="i">Title from inscription at opening on p.4:</subfield><subfield code="a">تفسير ابو السعود</subfield></datafield><datafield tag="246" ind1="3" ind2=" "><subfield code="i">Title from inscription on front flyleaf (p.1):</subfield><subfield code="a">Тавсиръ Aбу-Сaидъ</subfield></datafield><datafield tag="246" ind1="3" ind2=" "><subfield code="i">Edge title (head):</subfield><subfield code="a">تفسير ابو سعود</subfield></datafield><datafield tag="246" ind1="3" ind2=" "><subfield code="6">880-04</subfield><subfield code="a">Tafsīr Abī al-Suʻūd</subfield></datafield><datafield tag="260" ind1=" " ind2=" "><subfield code="a">[Damascus?,</subfield><subfield code="c">1609].</subfield></datafield><datafield tag="300" ind1=" " ind2=" "><subfield code="a">482 leaves :</subfield><subfield code="b">paper ;</subfield><subfield code="c">290 x 190 (195 x 130) mm.</subfield></datafield><datafield tag="500" ind1=" " ind2=" "><subfield code="a">Shelfmark: Ann Arbor, University of Michigan, Special Collections Library, Isl. Ms. 11 v.1</subfield></datafield><datafield tag="500" ind1=" " ind2=" "><subfield code="a">Origin: As appears in colophon in lower margin of p.408 and on p.879, copied by Muḥammad Ṣalāḥ al-Dīn ibn Muḥyī al-Dīn ibn Khalīl ibn ʻAbd al-Qādir al-Nābulusī with transcription finished in Shawwāl 1017 [January-February 1609], apparently in Damascus ("... في مدينة الشام"). Copied for (bi-rasm) Farrukh Yāyā Bāshī (Bāshā) ibn Mullā Maḥmūd (Ferruh Yayabaşı b. Mulla Mahmud) who also endowed the book as a waqf for himself, his offspring, and scholars after him (compare Vollers 0214, Refaiya Library, University of Leipzig ; contributions to the cataloguing from Boris Liebrenz).</subfield></datafield><datafield tag="500" ind1=" " ind2=" "><subfield code="a">Accompanying materials: Several slips with notes (paginated pp.17-18, pp.63-64, pp.201-202, pp.227-228, pp.229-300, pp.251-252, pp.253-254, and pp.749-750).</subfield></datafield><datafield tag="500" ind1=" " ind2=" "><subfield code="a">Former shelfmark: British Museum, London "No. 28. Abu Suud's Commentary on Kuran. Vol.1." ; "٦٠" on head of textblock.</subfield></datafield><datafield tag="500" ind1=" " ind2=" "><subfield code="a">Binding: Pasteboards covered in dark brown leather now overlaid with laid marbled paper (blue, pink, yellow, etc.) and spine repaired with two pieces of red leather ; Type II binding (though flap now lost) ; upper and lower board linings in light green laid paper stamped with floral design ; traces of stamped mandorla in leather under marbled paper ; sewn in dark brown thread, two stations ; worked chevron endbands in yellow and blue, intact ; overall in fair condition with some abrasion, lifting and losses of paper, boards severely delaminating at foreedge, leather on spine showing red rot, etc. otherwise sound.</subfield></datafield><datafield tag="500" ind1=" " ind2=" "><subfield code="a">Support: European laid paper with 10 laid lines per cm. and chain lines spaced 30 mm. apart ; watermarks include fleur de lis, anchor, and 'V V' countermark ; lightly burnished ; leaves of varying heft ; tide-lines from water damage around edges of textblock but usually not entering written area ; several older repairs to leaves.</subfield></datafield><datafield tag="500" ind1=" " ind2=" "><subfield code="a">Decoration: Sūrah headings and Qurʼānic passages usually rubricated, also often overlined in red or black ; written area of occasional pages throughout surrounded by red rule-border ; textual dividers in the form of red discs appear on page facing incipit page and following page.</subfield></datafield><datafield tag="500" ind1=" " ind2=" "><subfield code="a">Script: Naskh ; clear Syrian hand in a medium line ; virtually serifless and compact with mostly closed counters, rectilinear descenders, alif maqsūrah pointed as yāʼ, pointing in distinct dots, kāf mashqūqah preferred (even final kāf with shaqq) ; Qurʼānic text usually vocalized ; text of incipit page in a different hand.</subfield></datafield><datafield tag="500" ind1=" " ind2=" "><subfield code="a">Layout: Written in 31 lines per page ; frame-ruled.</subfield></datafield><datafield tag="500" ind1=" " ind2=" "><subfield code="a">Collation: i, V-1 (9), 10 V(109), IV + 2 (119), 3 V(149), III (155), 2 VI(179), 19 V(369), V+1 (380), III (386), VI - 1 (397), V (407), IV+1 (416), 6 V(476), III (482), i ; incipit page appears be a replacement ; catchwords present ; pagination in pencil, Western numerals, supplied during digitization (includes flyleaves and inserts ; follows p.303 with p.204, dropping 100 pages ; skips two pages between pp.711-712).</subfield></datafield><datafield tag="500" ind1=" " ind2=" "><subfield code="a">Colophon: [p.408] "Scribal," rectangular, reads: "تم ذلك بحمد الله وعونه وحسن توفيقه برسم مفخر امثاله العبد الفقير الى الله تعالى فرخ يايا باشى بن المرحوم ملا محمود رحمه الله رحمة واسعة و ختم لمن كان سببا في كتابته بالصالحات اعماله و اصلح اقواله و افقاله و احواله و رفع في الجنة له الدرجات و بدل سياته بالحسنات ... وجعله وقفا على ... ايام حياته ثم على اولاده وذريته ... وعلى اهل العلم من المسلمين راجيا بذلك وجه الله الكريم ... وشهد عليه كاتبه العبد الفقير محمد صلاح الدين بن محي الدين بن خليل بن حاج عبد القادر النابلسي غفر الله و لوالديه و لمشايخه ولاخوانه و لجميع المسلمين امين يا رب العالمين في شوال سنة ١٠١٧"</subfield></datafield><datafield tag="500" ind1=" " ind2=" "><subfield code="a">Explicit: "من قرا سورة النحل لم يحاسبه الله تعالى بما انعم عليه في دار الدنيا و ان مات في يوم تلاها او ليلته كان له من من [كذا] الاجر كالذي مات و احسن الوصية و الله تبارك و تعالى اعلم و صلى الله على سيد محمد و اله و صحبه و سلم"</subfield></datafield><datafield tag="500" ind1=" " ind2=" "><subfield code="a">Incipit: "سبحان من ارسل رسوله بالهدى و دين الحق و بين له شعائر الشرائع كل ما جل ودق انزل عليه ايات بينات و ابهر حجج قرآنا عربيا غير ذي عوج ... وبعد فيقول العبد الفقير الى رحمة ربه الهادي ابو السعود بن محمد العمادي ان الغاية القصوى من تحرير نسخة العالم و من كان حرف منها مسطورا..."</subfield></datafield><datafield tag="500" ind1=" " ind2=" "><subfield code="a">Title supplied by cataloguer.</subfield></datafield><datafield tag="500" ind1=" " ind2=" "><subfield code="a">Ms. codex.</subfield></datafield><datafield tag="510" ind1="4" ind2=" "><subfield code="a">Brockelmann, C. GAL,</subfield><subfield code="c">II 439 ; S II 651</subfield></datafield><datafield tag="520" ind1="8" ind2=" "><subfield code="a">Fine copy of the first volume of Abū al-Suʻūd's commentary on the Qurʼān, beginning with Sūrat al-Fātiḥah and ending with Sūrat al-Naḥl (16). See Mich. Isl. Ms. v.2 for second volume. Description provided mainly by Sarah Mirza.</subfield></datafield><datafield tag="538" ind1=" " ind2=" "><subfield code="a">Mode of access: Internet.</subfield></datafield><datafield tag="541" ind1=" " ind2=" "><subfield code="c">Purchase ;</subfield><subfield code="a">Acquired by purchase (funds donated by Horace Rackham).</subfield><subfield code="d">1924.</subfield></datafield><datafield tag="546" ind1=" " ind2=" "><subfield code="a">Arabic.</subfield></datafield><datafield tag="561" ind1=" " ind2=" "><subfield code="a">Bookplate of British Museum, London on interior of upper cover, "British Museum, London. No. 28. Abu Suud's Commentary on Kuran. Vol.1." ; circular seal impression with figure of goat/gazelle in purple ink as well as inscription "68" in Western numerals on front flyleaf (p.1) ; circular waqf-seal impression in black ink appears on 'title page' (p.3) and several places throughout, reads: "هذا وقف الراجي فيض الصمدي الشيخ احمد ضيا الدين ابن مصطفى الخالدي فمن بدله بعد ما سمعه فانما اثمه على الذين يبدلونه" in name of Aḥmad Ḍiyāʼ al-Dīn ibn Muṣṭafá al-Khālidī (i.e. Ahmed Ziyâüddîn Gümüşhanevî, d. 1893 or 4) ; possible book price (or inventory number) on interior of upper cover ; glosses and occasional marginal corrections.</subfield></datafield><datafield tag="630" ind1="0" ind2="0"><subfield code="a">Qurʼan</subfield><subfield code="v">Commentaries</subfield><subfield code="v">Early works to 1800.</subfield></datafield><datafield tag="650" ind1=" " ind2="0"><subfield code="a">Manuscripts, Arabic</subfield><subfield code="z">Michigan</subfield><subfield code="z">Ann Arbor.</subfield></datafield><datafield tag="700" ind1="0" ind2=" "><subfield code="6">880-07</subfield><subfield code="a">Ferruh Yayabaşı b. Mulla Mahmud,</subfield><subfield code="d">fl. 1609,</subfield><subfield code="e">patron.</subfield></datafield><datafield tag="700" ind1="0" ind2=" "><subfield code="6">880-05</subfield><subfield code="a">Muḥammad Ṣalāḥ al-Dīn ibn Muḥyī al-Dīn ibn Khalīl ibn ʻAbd al-Qādir al-Nābulusī,</subfield><subfield code="d">fl. 1609,</subfield><subfield code="e">scribe.</subfield></datafield><datafield tag="773" ind1="0" ind2=" "><subfield code="a">Tiflis Collection.</subfield></datafield><datafield tag="880" ind1="0" ind2=" "><subfield code="6">700-07/</subfield><subfield code="a">فرخ يايا باشى بن محمود،</subfield><subfield code="e">راع.</subfield></datafield><datafield tag="880" ind1="0" ind2=" "><subfield code="6">700-05/</subfield><subfield code="a">محمد صلاح الدين محيي الدين بن خليل بن عبد القادر النابلسي،</subfield><subfield code="e">ناسخ.</subfield></datafield><datafield tag="880" ind1="3" ind2=" "><subfield code="6">246-04/</subfield><subfield code="a">تفسير ابي السعود</subfield></datafield><datafield tag="880" ind1="1" ind2="2"><subfield code="6">245-03/</subfield><subfield code="a">[الجزء الأول من إرشاد العقل السليم,</subfield><subfield code="f">1017ه, 1609م].</subfield></datafield><datafield tag="880" ind1="1" ind2="0"><subfield code="6">240-02/</subfield><subfield code="a">ارشاد العقل السليم.</subfield><subfield code="n">جزء 1</subfield></datafield><datafield tag="880" ind1="0" ind2=" "><subfield code="6">100-01/</subfield><subfield code="a">أبو السعود محمد بن محمد.</subfield></datafield><datafield tag="CID" ind1=" " ind2=" "><subfield code="a">006491022</subfield></datafield><datafield tag="DAT" ind1="0" ind2=" "><subfield code="a">20190719102634.0</subfield><subfield code="b">20190719000000.0</subfield></datafield><datafield tag="DAT" ind1="1" ind2=" "><subfield code="a">20190719090653.0</subfield><subfield code="b">2019-07-19T16:11:16Z</subfield></datafield><datafield tag="DAT" ind1="2" ind2=" "><subfield code="a">2015-10-10T18:00:06Z</subfield></datafield><datafield tag="CAT" ind1=" " ind2=" "><subfield code="a">SDR-MIU</subfield><subfield code="d">EX LIBRIS - ALEPH</subfield><subfield code="l">prepare.pl-004-008</subfield></datafield><datafield tag="FMT" ind1=" " ind2=" "><subfield code="a">BK</subfield></datafield><datafield tag="HOL" ind1=" " ind2=" "><subfield code="0">sdr-miu006491022</subfield><subfield code="a">MiU</subfield><subfield code="b">SDR</subfield><subfield code="c">MIU</subfield><subfield code="p">mdp.39015079124783</subfield><subfield code="s">MIU</subfield><subfield code="1">006491022</subfield></datafield><datafield tag="974" ind1=" " ind2=" "><subfield code="b">MIU</subfield><subfield code="c">MIU</subfield><subfield code="d">20190719</subfield><subfield code="s">lit-dlps-dc</subfield><subfield code="u">mdp.39015079124783</subfield><subfield code="y">1609</subfield><subfield code="r">pd</subfield><subfield code="q">bib</subfield><subfield code="t">non-US bib date1 &lt; 1896</subfield></datafield></record></collection>